@book{Aho:72,
  author    = {Alfred V. Aho and
               Jeffrey D. Ullman},
  title     = {The theory of parsing, translation, and compiling. 1: Parsing},
  publisher = {Prentice-Hall},
  address = {Englewood Cliffs, NJ},
  year      = {1972},
  url       = {http://www.worldcat.org/oclc/310805937},
  isbn      = {0139145567},
  timestamp = {Wed, 26 Apr 2017 17:48:52 +0200}
}

@book{APA:83,
    author  = {{American Psychological Association}},
    title   = {Publications Manual},
    year    = "1983",
   publisher = {American Psychological Association},
   address = {Washington, DC}
}



@inproceedings{SamekiGeMaGuBe16,
  title={Dynamic Allocation of Crowd Contributions for Sentiment Analysis during the 2016 {U.S.} Presidential Election},
  author={Mehrnoosh Sameki and Mattia Gentil and Kate K. Mays and Lei Guo and Margrit Betke},
  booktitle={The Fourth AAAI Conference on Human Computation and Crowdsourcing (HCOMP 2016), October 30-November 3, 2016. 10 pages.},
  year={2016},
}

@article{MohammadZhKiMa15,
  author    = {Saif M. Mohammad and
               Xiaodan Zhu and
               Svetlana Kiritchenko and
               Joel D. Martin},
  title     = {Sentiment, emotion, purpose, and style in electoral tweets},
  journal={Information Processing \& Management},
  volume    = {51},
  number    = {4},
  pages     = {480--499},
  year      = {2015},
  url       = {https://doi.org/10.1016/j.ipm.2014.09.003},
  doi       = {10.1016/j.ipm.2014.09.003},
  timestamp = {Thu, 18 May 2017 09:54:49 +0200}
  
}

@inproceedings{NakovRiRoSeSt16,
  author    = {Preslav Nakov and
               Alan Ritter and
               Sara Rosenthal and
               Fabrizio Sebastiani and
               Veselin Stoyanov},
  title     = {SemEval-2016 Task 4: Sentiment Analysis in {T}witter},
  booktitle = {Proceedings of the 10th International Workshop on Semantic Evaluation,
               SemEval@NAACL-HLT 2016, San Diego, CA, USA, June 16-17, 2016},
  pages     = {1--18},
  year      = {2016},
  url       = {http://aclweb.org/anthology/S/S16/S16-1001.pdf},
  timestamp = {Thu, 20 Oct 2016 14:44:44 +0200}
}

@misc{gcnlp,
  key = {Google Cloud Natural Language},
  title = {https://cloud. google.com/natural-language. {L}ast accessed on {M}arch 09, 2018},
  url = {https://cloud.google.com/natural-language/},
}


@misc{prodi.gy,
	key = {prodi.gy},
    title = {Radically efficient machine teaching.
{A}n annotation tool powered
by active learning. https://prodi.gy {L}ast accessed on {M}ay 17, 2018},
    url = {https://prodi.gy},
}

@misc{aylien,
 key = {AYLIEN},
  title = {https://developer. aylien.com/text-api-demo. {L}ast accessed on {M}arch 07, 2018},
  url = {https://developer.aylien.com/text-api-demo},
}

@misc{msftnlp,
key ={MS Text Analytics},
  title = {https://azure.microsoft.com/en-us/services/ cognitive-services/text-analytics, {L}ast accessed on {M}arch 07, 2018},
  url={https://azure.microsoft.com/en-us/services/ cognitive-services/text-analytics}
}



@misc{StanfordNER,
  key = {Stanford NER},
  title = {https://nlp.stanford.edu/software/CRF-NER.shtml. {L}ast accessed on {M}ay 17, 2018},
  url = {https://nlp.stanford.edu/software/CRF-NER.shtml},
}



@inproceedings{ManningSuBaFiBeMc14,
  author    = {Christopher D. Manning and
               Mihai Surdeanu and
               John Bauer and
               Jenny Rose Finkel and
               Steven Bethard and
               David McClosky},
  title     = {The {S}tanford {Co}re{NLP} Natural Language Processing Toolkit},
  booktitle = {Proceedings of the 52nd Annual Meeting of the Association for Computational
               Linguistics: System Demonstrations, {ACL} 2014, June 22-27, 2014, Baltimore, MD, USA, System
               Demonstrations},
  pages     = {55--60},
  year      = {2014},
  url       = {http://aclweb.org/anthology/P/P14/P14-5010.pdf},
  timestamp = {Sun, 20 Jul 2014 18:09:14 +0200}
}

@misc{watsonnlu,
 key = {IBM Watson NLU},
  title = {{IBM} {W}atson {N}atural {L}anguage {U}nderstanding. https://www. ibm.com/watson/services/natural-language-under\-standing. {L}ast accessed on {M}arch 07, 2018},
}

@misc{crimsonhexagon,
 key = {Crimson Hexagon},
  title = {{F}or\-{S}ight social media analytics platform. https://www.crimsonhexagon.com {L}ast accessed on {M}arch 07, 2018},
}

@misc{spaCy,
	key={spaCy},
    title = {http://spacy.io {L}ast accessed on {M}ay 16, 2018}, 
     url = {http://spacy.io},
}

@inproceedings{WangHuZhZh16,
  author    = {Yequan Wang and
               Minlie Huang and
               Xiaoyan Zhu and
               Li Zhao},
  title     = {Attention-based {LSTM} for Aspect-level Sentiment Classification},
  booktitle = {Proceedings of the 2016 Conference on Empirical Methods in Natural
               Language Processing, {EMNLP} 2016, Austin, Texas, USA, November 1-4,
               2016},
  pages     = {606--615},
  year      = {2016},
  url       = {http://aclweb.org/anthology/D/D16/D16-1058.pdf},
  timestamp = {Fri, 04 Nov 2016 14:45:31 +0100}
}


@article{ZhangWaLi18,
  author    = {Lei Zhang and
               Shuai Wang and
               Bing Liu},
  title     = {Deep Learning for Sentiment Analysis : {A} Survey},
  journal   = {CoRR},
  volume    = {abs/1801.07883},
  year      = {2018},
  url       = {http://arxiv.org/abs/1801.07883},
  archivePrefix = {arXiv},
  eprint    = {1801.07883},
  timestamp = {Wed, 18 Apr 2018 12:59:15 +0200}
}


@article{GraesserGuShBa17,
  author    = {Laura Graesser and
               Abhinav Gupta and
               Lakshay Sharma and
               Evelina Bakhturina},
  title     = {Sentiment Classification using Images and Label Embeddings},
  journal   = {CoRR},
  volume    = {abs/1712.00725},
  note = {13 pages},
  year      = {2017},
  url       = {http://arxiv.org/abs/1712.00725},
  archivePrefix = {arXiv},
  eprint    = {1712.00725},
  timestamp = {Wed, 03 Jan 2018 12:33:17 +0100}
}


@inproceedings{Moilanen2009MultientitySS,
  author    = {Karo Moilanen and
               Stephen Pulman},
  title     = {Multi-entity Sentiment Scoring},
  booktitle = {Recent Advances in Natural Language Processing, {RANLP} 2009, 14-16
               September, 2009, Borovets, Bulgaria},
  pages     = {258--263},
  year      = {2009},
  url       = {http://aclweb.org/anthology/R/R09/R09-1048.pdf},
  timestamp = {Tue, 28 Jan 2014 14:14:34 +0100}
}


@inproceedings{TayLuHu17,
  author    = {Yi Tay and
               Luu Anh Tuan and
               Siu Cheung Hui},
  title     = {Learning to Attend via Word-Aspect Associative Fusion for Aspect-Based
               Sentiment Analysis},
  booktitle = {Proceedings of the Thirty-Second {AAAI} Conference on Artificial Intelligence, 9 pages, 
               New Orleans, Louisiana, USA, February 2-7, 2018},
  year      = {2018},
  url       = {https://www.aaai.org/ocs/index.php/AAAI/AAAI18/paper/view/16570},
  timestamp = {Thu, 03 May 2018 17:03:19 +0200}
}


@inproceedings{ChenSuBiYa17,
  author    = {Peng Chen and
               Zhongqian Sun and
               Lidong Bing and
               Wei Yang},
  title     = {Recurrent Attention Network on Memory for Aspect Sentiment Analysis},
  booktitle = {Proceedings of the 2017 Conference on Empirical Methods in Natural
               Language Processing, {EMNLP} 2017, Copenhagen, Denmark, September
               9-11, 2017},
  pages     = {452--461},
  year      = {2017},
  url       = {https://aclanthology.info/papers/D17-1047/d17-1047},
  timestamp = {Tue, 30 Jan 2018 13:42:04 +0100}
}



@inproceedings{FiGrMa05,
  author    = {Jenny Rose Finkel and
               Trond Grenager and
               Christopher D. Manning},
  title     = {Incorporating Non-local Information into Information Extraction Systems
               by {G}ibbs Sampling},
  booktitle = {{ACL} 2005, 43rd Annual Meeting of the Association for Computational
               Linguistics, Proceedings of the Conference, 25-30 June 2005, University
               of Michigan, {USA}},
  pages     = {363--370},
  year      = {2005},
  url       = {http://aclweb.org/anthology/P/P05/P05-1045.pdf},
  timestamp = {Thu, 17 Aug 2017 17:55:42 +0200}
}


@inproceedings{RitterClMaEt11,
  author    = {Alan Ritter and
               Sam Clark and
               Mausam and
               Oren Etzioni},
  title     = {Named Entity Recognition in {T}weets: An Experimental Study},
  booktitle = {Proceedings of the 2011 Conference on Empirical Methods in Natural
               Language Processing, {EMNLP} 2011, 27-31 July 2011, John McIntyre
               Conference Centre, Edinburgh, UK, {A} meeting of SIGDAT, a Special
               Interest Group of the {ACL}},
  pages     = {1524--1534},
  year      = {2011},
  url       = {http://www.aclweb.org/anthology/D11-1141},
  timestamp = {Mon, 21 Nov 2011 13:29:41 +0100}
}

@inproceedings{PintoOlAl16,
  author    = {Alexandre Miguel Pinto and
               Hugo Gon{\c{c}}alo Oliveira and
               Ana Oliveira Alves},
  title     = {Comparing the Performance of Different {NLP} Toolkits in Formal and
               Social Media Text},
  booktitle = {5th Symposium on Languages, Applications and Technologies, {SLATE}
               2016, June 20-21, 2016, Maribor, Slovenia},
  pages     = {3:1--3:16},
  year      = {2016},
  url       = {https://doi.org/10.4230/OASIcs.SLATE.2016.3},
  doi       = {10.4230/OASIcs.SLATE.2016.3},
  timestamp = {Fri, 26 May 2017 00:48:57 +0200}
}

@inproceedings{Bird06,
  author    = {Steven Bird and
               Edward Loper},
  title     = {{NLTK:} {T}he {N}atural {L}anguage {T}oolkit},
  booktitle = {Proceedings of the 42nd Annual Meeting of the Association for Computational
               Linguistics, Barcelona, Spain, July 21-26, 2004 - Poster and Demonstration},
  year      = {2004},
  url       = {https://aclanthology.info/papers/P04-3031/p04-3031},
  timestamp = {Thu, 25 Jan 2018 14:53:56 +0100}
}

@article{SuttonMc12,
  author    = {Charles A. Sutton and
               Andrew McCallum},
  title     = {An Introduction to Conditional Random Fields},
  journal   = {Foundations and Trends in Machine Learning},
  volume    = {4},
  number    = {4},
  pages     = {267--373},
  year      = {2012},
  url       = {https://doi.org/10.1561/2200000013},
  doi       = {10.1561/2200000013},
  timestamp = {Sat, 20 May 2017 00:22:30 +0200}
}


@book{JurafskyMa08,
  author    = {Dan Jurafsky and
               James H. Martin},
  title     = {Speech and language processing: {A}n introduction to natural language
               processing, computational linguistics, and speech recognition, Second
               Edition},
  series    = {Prentice Hall series in artificial intelligence},
  publisher = {Prentice Hall, Pearson Education International},
  year      = {2009},
  url       = {http://www.worldcat.org/oclc/315913020},
  isbn      = {9780135041963},
  timestamp = {Wed, 03 May 2017 18:39:06 +0200}
}


@inproceedings{McCallumFrPe00,
  author    = {Andrew McCallum and
               Dayne Freitag and
               Fernando C. N. Pereira},
  title     = {Maximum Entropy {M}arkov Models for Information Extraction and Segmentation},
  booktitle = {Proceedings of the Seventeenth International Conference on Machine
               Learning {(ICML} 2000), Stanford University, Stanford, CA, USA, June
               29 - July 2, 2000},
  pages     = {591--598},
  year      = {2000},
  timestamp = {Sun, 21 Feb 2010 20:54:50 +0100}
}


@article{ThelwallBuPa10,
  author    = {Mike Thelwall and
               Kevan Buckley and
               Georgios Paltoglou and
               Di Cai and
               Arvid Kappas},
  title     = {Sentiment Strength Detection in Short Informal Text},
  journal   = {Journal of the American Society for Information Science and Technology {JASIST}},
  volume    = {61},
  number    = {12},
  pages     = {2544--2558},
  year      = {2010},
  url       = {https://doi.org/10.1002/asi.21416},
  doi       = {10.1002/asi.21416},
  timestamp = {Tue, 06 Jun 2017 22:25:09 +0200}
  }


@article{Thelwall17,
  author    = {Mike Thelwall},
  title     = {{T}ensi{S}trength: {S}tress and relaxation magnitude detection for social
               media texts},
  journal   = {Information Processing \& Management},
  volume    = {53},
  number    = {1},
  pages     = {106--121},
  year      = {2017},
  url       = {https://doi.org/10.1016/j.ipm.2016.06.009},
  doi       = {10.1016/j.ipm.2016.06.009},
  timestamp = {Tue, 06 Jun 2017 22:28:50 +0200}
 
}

@inproceedings{ZhangLi17,
  title={Attention Modeling for Targeted Sentiment},
  author={Yue Zhang and Jiangming Liu},
  booktitle={Proceedings of the 15th Conference of the European Chapter of the Association for Computational Linguistics, Valencia, Spain, April 3-7, 2017},
  volume={2},
  pages={572--577},
  year={2017}
}

@inproceedings{{ZhangLi17,
  author    = {Yue Zhang and
               Jiangming Liu},
  title     = {Attention Modeling for Targeted Sentiment},
  booktitle = {Proceedings of the 15th Conference of the European Chapter of the
               Association for Computational Linguistics, {EACL} 2017, Valencia,
               Spain, April 3-7, 2017, Volume 2: Short Papers},
  pages     = {572--577},
  year      = {2017},
  url       = {https://aclanthology.info/papers/E17-2091/e17-2091},
  timestamp = {Wed, 17 Jan 2018 15:46:16 +0100}
}

@inproceedings{KhashabiSaZhre18,
  author = {Daniel Khashabi and Mark Sammons and Ben Zhou and Tom Redman and Christos Christodoulopoulos and Vivek Srikumar and Nicholas Rizzolo and Lev Ratinov and Guanheng Luo and Quang Do and Chen-Tse Tsai and Subhro Roy and Stephen Mayhew and Zhilli Feng and John Wieting and Xiaodong Yu and Yangqiu Song and Shashank Gupta and Shyam Upadhyay and Naveen Arivazhagan and Qiang Ning and Shaoshi Ling and Dan Roth},
  title = {CogcompNLP: Your Swiss Army Knife for NLP},
   booktitle = {International Conference on Language Resources and Evaluation ({LREC})},
  year = {2018},
  pubtype = conf
}

@misc{mTurk,
  key = {Amazon Mechanical Turk},
  title = {https://www.mturk.com. {L}ast accessed on {M}ay 12, 2018},
  url = {https://www.mturk.com},
}


@misc{CogCompNLP,
  key = {CogComp-NLP},
  title = {http://nlp.cogcomp.org. {L}ast accessed on {M}ay 17, 2018},
  url = {http://nlp.cogcomp.org},
}


@misc{twitternlp11,
  key = {TwitterNLP},
  title = {https://github.com/aritter/twitter\_nlp. {L}ast accessed on {M}ay 17, 2018},
  url = {https://github.com/aritter/twitter\_nlp},
}



@misc{rosette,
	key = {Rosette Text Analytics},
    title = {https://www.rosette.com. {L}ast accessed on {M}ay 18, 2018},
    url = {https://www.rosette.com},
}

@article{FarzindarIn15,
  title={Natural language processing for social media},
  author={Atefeh Farzindar and Diana Inkpen},
  journal={Synthesis Lectures on Human Language Technologies},
  volume={8},
  number={2},
  pages={1--166},
  year={2015},
  publisher={Morgan \& Claypool Publishers}
}


@Article{WeischedelPaMaHo13,
title={Ontonotes release 5.0 ldc2013t19},
author={Ralph Weischedel and Martha Palmer and Mitchell Marcus and Eduard Hovy and Sameer Pradhan and Lance Ramshaw and Nianwen Xue and Ann Taylor and Jeff Kaufman and Michelle Franchini and others},
journal={Linguistic Data Consortium, Philadelphia, PA},
year={2013}
}

@misc{tensi,
  key = {TensiStrength},
  title = {http://sentistrength.wlv.ac.uk/ TensiStrength.html. {L}ast accessed on {M}arch 09, 2018},
  url = {http://sentistrength.wlv.ac.uk/TensiStrength.html/},
}